@article{kristoufek2015main,
  title={What are the main drivers of the Bitcoin price? Evidence from wavelet coherence analysis},
  author={Kristoufek, Ladislav},
  journal={PloS one},
  volume={10},
  number={4},
  pages={e0123923},
  year={2015},
  publisher={Public Library of Science}
}