@techreport{mao2015quantifying,
  title={Quantifying the effects of online bullishness on international financial markets},
  author={Mao, Huina and Counts, Scott and Bollen, Johan},
  year={2015},
  institution={ECB Statistics Paper}
}

@article{malkiel1970efficient,
  title={Efficient capital markets: A review of theory and empirical work},
  author={Malkiel, Burton G and Fama, Eugene F},
  journal={The journal of Finance},
  volume={25},
  number={2},
  pages={383--417},
  year={1970},
  publisher={Wiley Online Library}
}

@article{kristoufek2015main,
  title={What are the main drivers of the Bitcoin price? Evidence from wavelet coherence analysis},
  author={Kristoufek, Ladislav},
  journal={PloS one},
  volume={10},
  number={4},
  pages={e0123923},
  year={2015},
  publisher={Public Library of Science}
}

@article{Nakamoto2008Bitcoin,
  title={Bitcoin: A Peer-to-Peer Electronic Cash System},
  author={Nakamoto, Satoshi},
  year={2008},
  publisher={bitcoin.org},
  url = {https://apps.twitter.com/} 	
}
